@inproceedings{chopra2017my,
  title={My phone assistant should know I am an Indian: influencing factors for adoption of assistive agents},
  author={Chopra, Simran and Chivukula, Shruthi},
  booktitle={Proceedings of the 19th International Conference on Human-Computer Interaction with Mobile Devices and Services},
  pages={94},
  year={2017},
  organization={ACM}
}

@inproceedings{yan2016shall,
  title={Shall I Be Your Chat Companion?: Towards an Online Human-Computer Conversation System},
  author={Yan, Rui and Song, Yiping and Zhou, Xiangyang and Wu, Hua},
  booktitle={Proceedings of the 25th ACM International on Conference on Information and Knowledge Management},
  pages={649--658},
  year={2016},
  organization={ACM}
}

@inproceedings{zamora2017rise,
  title={Rise of the Chatbots: Finding A Place for Artificial Intelligence in India and US},
  author={Zamora, Jennifer},
  booktitle={Proceedings of the 22nd International Conference on Intelligent User Interfaces Companion},
  pages={109--112},
  year={2017},
  organization={ACM}
}

@inproceedings{radlinski2017theoretical,
  title={A theoretical framework for conversational search},
  author={Radlinski, Filip and Craswell, Nick},
  booktitle={Proceedings of the 2017 Conference on Conference Human Information Interaction and Retrieval},
  pages={117--126},
  year={2017},
  organization={ACM}
}

@inproceedings{klopfenstein2017rise,
  title={The Rise of Bots: A Survey of Conversational Interfaces, Patterns, and Paradigms},
  author={Klopfenstein, Lorenz Cuno and Delpriori, Saverio and Malatini, Silvia and Bogliolo, Alessandro},
  booktitle={Proceedings of the 2017 Conference on Designing Interactive Systems},
  pages={555--565},
  year={2017},
  organization={ACM}
}